<?xml version="1.0" encoding="UTF-8"?><collection xmlns="http://www.loc.gov/MARC21/slim"><record><leader>00329nam--2200133-i-4500</leader><controlfield tag="001">000029507</controlfield><controlfield tag="002">20161230</controlfield><controlfield tag="005">20161230201037</controlfield><controlfield tag="008">060222s1000------------r-----000-0-eng-d</controlfield><datafield ind1=" " ind2=" " tag="080"><subfield code="a">668.44</subfield></datafield><datafield ind1=" " ind2=" " tag="100"><subfield code="a">Losev, I.P.Si Petrov, G.S</subfield></datafield><datafield ind1=" " ind2=" " tag="245"><subfield code="a">Chimia rasinilor sintetice</subfield></datafield><datafield ind1=" " ind2=" " tag="260"><subfield code="a">Bucuresti, Ed.Tehnica, 1954, 400p</subfield></datafield><datafield ind1=" " ind2=" " tag="852"><subfield code="a">26247</subfield></datafield></record></collection>